@article {MR0346305,
    AUTHOR = {Keener, J. P. and Keller, H. B.},
     TITLE = {Positive solutions of convex nonlinear eigenvalue problems},
   JOURNAL = {J. Differential Equations},
  FJOURNAL = {Journal of Differential Equations},
    VOLUME = {16},
      YEAR = {1974},
     PAGES = {103--125},
      ISSN = {0022-0396},
   MRCLASS = {35G20},
  MRNUMBER = {0346305 (49 \#11030)},
MRREVIEWER = {P. P. Zabreiko},
}
@article {MR0382848,
    AUTHOR = {Crandall, Michael G. and Rabinowitz, Paul H.},
     TITLE = {Some continuation and variational methods for positive
              solutions of nonlinear elliptic eigenvalue problems},
   JOURNAL = {Arch. Rational Mech. Anal.},
  FJOURNAL = {Archive for Rational Mechanics and Analysis},
    VOLUME = {58},
      YEAR = {1975},
    NUMBER = {3},
     PAGES = {207--218},
      ISSN = {0003-9527},
   MRCLASS = {35J65},
  MRNUMBER = {0382848 (52 \#3730)},
MRREVIEWER = {Catherine Bandle},
}
@article {MR709644,
    AUTHOR = {Br{\'e}zis, Ha{\"{\i}}m and Nirenberg, Louis},
     TITLE = {Positive solutions of nonlinear elliptic equations involving
              critical {S}obolev exponents},
   JOURNAL = {Comm. Pure Appl. Math.},
  FJOURNAL = {Communications on Pure and Applied Mathematics},
    VOLUME = {36},
      YEAR = {1983},
    NUMBER = {4},
     PAGES = {437--477},
      ISSN = {0010-3640},
     CODEN = {CPAMA},
   MRCLASS = {35J65 (35B99)},
  MRNUMBER = {709644 (84h:35059)},
MRREVIEWER = {Wei Ming Ni},
       DOI = {10.1002/cpa.3160360405},
       URL = {http://dx.doi.org/10.1002/cpa.3160360405},
}
@article {MR0213694,
    AUTHOR = {Keller, Herbert B. and Cohen, Donald S.},
     TITLE = {Some positone problems suggested by nonlinear heat generation},
   JOURNAL = {J. Math. Mech.},
    VOLUME = {16},
      YEAR = {1967},
     PAGES = {1361--1376},
   MRCLASS = {35.10},
  MRNUMBER = {0213694 (35 \#4552)},
MRREVIEWER = {H. H. Schaefer},
}
@article {MR2832637,
    AUTHOR = {Wei, Juncheng and Yan, Shusen},
     TITLE = {Infinitely many positive solutions for an elliptic problem
              with critical or supercritical growth},
   JOURNAL = {J. Math. Pures Appl. (9)},
  FJOURNAL = {Journal de Math\'ematiques Pures et Appliqu\'ees. Neuvi\`eme
              S\'erie},
    VOLUME = {96},
      YEAR = {2011},
    NUMBER = {4},
     PAGES = {307--333},
      ISSN = {0021-7824},
   MRCLASS = {35J91 (35A01 35J25)},
  MRNUMBER = {2832637},
MRREVIEWER = {Nikos Labropoulos},
       DOI = {10.1016/j.matpur.2011.01.006},
       URL = {http://dx.doi.org/10.1016/j.matpur.2011.01.006},
}
@article {MR2886160,
    AUTHOR = {Naito, Y{\=u}ki and Sato, Tokushi},
     TITLE = {Non-homogeneous semilinear elliptic equations involving
              critical {S}obolev exponent},
   JOURNAL = {Ann. Mat. Pura Appl. (4)},
  FJOURNAL = {Annali di Matematica Pura ed Applicata. Series IV},
    VOLUME = {191},
      YEAR = {2012},
    NUMBER = {1},
     PAGES = {25--51},
      ISSN = {0373-3114},
   MRCLASS = {35J91 (35A01 35B33 35J20)},
  MRNUMBER = {2886160 (2012m:35102)},
MRREVIEWER = {Vicen{\c{t}}iu R{\u{a}}dulescu},
       DOI = {10.1007/s10231-010-0173-y},
       URL = {http://dx.doi.org/10.1007/s10231-010-0173-y},
}
@book {MR2597943,
    AUTHOR = {Evans, Lawrence C.},
     TITLE = {Partial differential equations},
    SERIES = {Graduate Studies in Mathematics},
    VOLUME = {19},
   EDITION = {Second},
 PUBLISHER = {American Mathematical Society, Providence, RI},
      YEAR = {2010},
     PAGES = {xxii+749},
      ISBN = {978-0-8218-4974-3},
   MRCLASS = {35-01},
  MRNUMBER = {2597943 (2011c:35002)},
MRREVIEWER = {Diego M. Maldonado},
}
@book {MR1400007,
    AUTHOR = {Willem, Michel},
     TITLE = {Minimax theorems},
    SERIES = {Progress in Nonlinear Differential Equations and their
              Applications, 24},
 PUBLISHER = {Birkh\"auser Boston, Inc., Boston, MA},
      YEAR = {1996},
     PAGES = {x+162},
      ISBN = {0-8176-3913-6},
   MRCLASS = {58E05 (35A15 35J60 58-02)},
  MRNUMBER = {1400007 (97h:58037)},
MRREVIEWER = {Andrzej Szulkin},
       DOI = {10.1007/978-1-4612-4146-1},
       URL = {http://dx.doi.org/10.1007/978-1-4612-4146-1},
}

@article {MR2317491,
    AUTHOR = {Naito, Y{\=u}ki and Sato, Tokushi},
     TITLE = {Positive solutions for semilinear elliptic equations with
              singular forcing terms},
   JOURNAL = {J. Differential Equations},
  FJOURNAL = {Journal of Differential Equations},
    VOLUME = {235},
      YEAR = {2007},
    NUMBER = {2},
     PAGES = {439--483},
      ISSN = {0022-0396},
     CODEN = {JDEQAK},
   MRCLASS = {35J60 (35J20 47J30)},
  MRNUMBER = {2317491 (2008i:35089)},
MRREVIEWER = {Luisa Moschini},
       DOI = {10.1016/j.jde.2007.01.006},
       URL = {http://dx.doi.org/10.1016/j.jde.2007.01.006},
}
@BOOK{田中200808, 
title={変分問題入門 --- 非線形楕円型方程式とハミルトン系},
author={田中 和永},
publisher={岩波書店},
year={2008},
isbn={9784000059787},
totalpages={271},
timestamp={2015.01.19},
}
@article {MR699419,
    AUTHOR = {Br{\'e}zis, Ha{\"{\i}}m and Lieb, Elliott},
     TITLE = {A relation between pointwise convergence of functions and
              convergence of functionals},
   JOURNAL = {Proc. Amer. Math. Soc.},
  FJOURNAL = {Proceedings of the American Mathematical Society},
    VOLUME = {88},
      YEAR = {1983},
    NUMBER = {3},
     PAGES = {486--490},
      ISSN = {0002-9939},
     CODEN = {PAMYAR},
   MRCLASS = {28A20 (46E30 49A99)},
  MRNUMBER = {699419 (84e:28003)},
MRREVIEWER = {R. G. Bartle},
       DOI = {10.2307/2044999},
       URL = {http://dx.doi.org/10.2307/2044999},
}
@article {MR0463908,
    AUTHOR = {Talenti, Giorgio},
     TITLE = {Best constant in {S}obolev inequality},
   JOURNAL = {Ann. Mat. Pura Appl. (4)},
  FJOURNAL = {Annali di Matematica Pura ed Applicata. Serie Quarta},
    VOLUME = {110},
      YEAR = {1976},
     PAGES = {353--372},
      ISSN = {0003-4622},
   MRCLASS = {46E35},
  MRNUMBER = {0463908 (57 \#3846)},
MRREVIEWER = {L. Cattabriga},
}
@article {MR0370183,
    AUTHOR = {Ambrosetti, Antonio and Rabinowitz, Paul H.},
     TITLE = {Dual variational methods in critical point theory and
              applications},
   JOURNAL = {J. Functional Analysis},
    VOLUME = {14},
      YEAR = {1973},
     PAGES = {349--381},
   MRCLASS = {46G05 (35J20 58E99)},
  MRNUMBER = {0370183 (51 \#6412)},
MRREVIEWER = {D. E. Edmunds},
}
@article {MR0192184,
    AUTHOR = {Poho{\v{z}}aev, S. I.},
     TITLE = {On the eigenfunctions of the equation {$\Delta u+\lambda
              f(u)=0$}},
   JOURNAL = {Dokl. Akad. Nauk SSSR},
  FJOURNAL = {Doklady Akademii Nauk SSSR},
    VOLUME = {165},
      YEAR = {1965},
     PAGES = {36--39},
      ISSN = {0002-3264},
   MRCLASS = {35.80},
  MRNUMBER = {0192184 (33 \#411)},
MRREVIEWER = {O. E. Gheorghiu},
}
@article {MR0340701,
    AUTHOR = {Joseph, D. D. and Lundgren, T. S.},
     TITLE = {Quasilinear {D}irichlet problems driven by positive sources},
   JOURNAL = {Arch. Rational Mech. Anal.},
  FJOURNAL = {Archive for Rational Mechanics and Analysis},
    VOLUME = {49},
      YEAR = {1972/73},
     PAGES = {241--269},
      ISSN = {0003-9527},
   MRCLASS = {34B15},
  MRNUMBER = {0340701 (49 \#5452)},
MRREVIEWER = {Jean Mawhin},
}
@article {MR1168304,
    AUTHOR = {Tarantello, G.},
     TITLE = {On nonhomogeneous elliptic equations involving critical
              {S}obolev exponent},
   JOURNAL = {Ann. Inst. H. Poincar\'e Anal. Non Lin\'eaire},
  FJOURNAL = {Annales de l'Institut Henri Poincar\'e. Analyse Non
              Lin\'eaire},
    VOLUME = {9},
      YEAR = {1992},
    NUMBER = {3},
     PAGES = {281--304},
      ISSN = {0294-1449},
   MRCLASS = {35J20 (35J65)},
  MRNUMBER = {1168304 (93i:35043)},
MRREVIEWER = {Heinrich Begehr},
}
@article {MR1408672,
    AUTHOR = {Cao, Dao-Min and Zhou, Huan-Song},
     TITLE = {On the existence of multiple solutions of nonhomogeneous
              elliptic equations involving critical {S}obolev exponents},
   JOURNAL = {Z. Angew. Math. Phys.},
  FJOURNAL = {Zeitschrift f\"ur Angewandte Mathematik und Physik. ZAMP.
              Journal of Applied Mathematics and Physics. Journal de
              Math\'ematiques et de Physique Appliqu\'ees},
    VOLUME = {47},
      YEAR = {1996},
    NUMBER = {1},
     PAGES = {89--96},
      ISSN = {0044-2275},
     CODEN = {AZMPA8},
   MRCLASS = {35J65 (35J20 58E05)},
  MRNUMBER = {1408672 (97f:35064)},
MRREVIEWER = {Philip W. Schaefer},
       DOI = {10.1007/BF00917575},
       URL = {http://dx.doi.org/10.1007/BF00917575},
}
@article {MR544879,
    AUTHOR = {Gidas, B. and Ni, Wei Ming and Nirenberg, L.},
     TITLE = {Symmetry and related properties via the maximum principle},
   JOURNAL = {Comm. Math. Phys.},
  FJOURNAL = {Communications in Mathematical Physics},
    VOLUME = {68},
      YEAR = {1979},
    NUMBER = {3},
     PAGES = {209--243},
      ISSN = {0010-3616},
     CODEN = {CMPHAY},
   MRCLASS = {35J25 (35B50)},
  MRNUMBER = {544879 (80h:35043)},
MRREVIEWER = {{\`E}. M. Saak},
       URL = {http://projecteuclid.org/euclid.cmp/1103905359},
}
